%YAML 1.1
%TAG !u! tag:unity3d.com,2011:
--- !u!1 &166778
GameObject:
  m_ObjectHideFlags: 0
  m_PrefabParentObject: {fileID: 0}
  m_PrefabInternal: {fileID: 100100000}
  serializedVersion: 4
  m_Component:
  - 4: {fileID: 457074}
  - 212: {fileID: 21229606}
  m_Layer: 8
  m_Name: Vision
  m_TagString: Untagged
  m_Icon: {fileID: 0}
  m_NavMeshLayer: 0
  m_StaticEditorFlags: 0
  m_IsActive: 1
--- !u!1 &184416
GameObject:
  m_ObjectHideFlags: 0
  m_PrefabParentObject: {fileID: 0}
  m_PrefabInternal: {fileID: 100100000}
  serializedVersion: 4
  m_Component:
  - 4: {fileID: 495640}
  - 212: {fileID: 21245696}
  - 58: {fileID: 5886770}
  - 50: {fileID: 5024684}
  - 114: {fileID: 11445514}
  - 95: {fileID: 9574986}
  m_Layer: 8
  m_Name: Sentinel
  m_TagString: Untagged
  m_Icon: {fileID: 0}
  m_NavMeshLayer: 0
  m_StaticEditorFlags: 0
  m_IsActive: 1
--- !u!4 &457074
Transform:
  m_ObjectHideFlags: 1
  m_PrefabParentObject: {fileID: 0}
  m_PrefabInternal: {fileID: 100100000}
  m_GameObject: {fileID: 166778}
  m_LocalRotation: {x: 0, y: 0, z: 0, w: 1}
  m_LocalPosition: {x: 0, y: 0, z: 0}
  m_LocalScale: {x: 1, y: 1, z: 1}
  m_Children: []
  m_Father: {fileID: 495640}
  m_RootOrder: 0
--- !u!4 &495640
Transform:
  m_ObjectHideFlags: 1
  m_PrefabParentObject: {fileID: 0}
  m_PrefabInternal: {fileID: 100100000}
  m_GameObject: {fileID: 184416}
  m_LocalRotation: {x: 0, y: 0, z: 0, w: 1}
  m_LocalPosition: {x: -3.5557842, y: 2.1779435, z: 0}
  m_LocalScale: {x: 1, y: 1, z: 1}
  m_Children:
  - {fileID: 457074}
  m_Father: {fileID: 0}
  m_RootOrder: 0
--- !u!50 &5024684
Rigidbody2D:
  serializedVersion: 2
  m_ObjectHideFlags: 1
  m_PrefabParentObject: {fileID: 0}
  m_PrefabInternal: {fileID: 100100000}
  m_GameObject: {fileID: 184416}
  m_UseAutoMass: 1
  m_Mass: 0.022976529
  m_LinearDrag: 0
  m_AngularDrag: 0
  m_GravityScale: 0
  m_IsKinematic: 0
  m_Interpolate: 0
  m_SleepingMode: 1
  m_CollisionDetection: 0
  m_Constraints: 0
--- !u!58 &5886770
CircleCollider2D:
  m_ObjectHideFlags: 1
  m_PrefabParentObject: {fileID: 0}
  m_PrefabInternal: {fileID: 100100000}
  m_GameObject: {fileID: 184416}
  m_Enabled: 1
  m_Density: 1
  m_Material: {fileID: 0}
  m_IsTrigger: 0
  m_UsedByEffector: 0
  m_Offset: {x: 0, y: 0}
  serializedVersion: 2
  m_Radius: 0.08551992
--- !u!95 &9574986
Animator:
  serializedVersion: 3
  m_ObjectHideFlags: 1
  m_PrefabParentObject: {fileID: 0}
  m_PrefabInternal: {fileID: 100100000}
  m_GameObject: {fileID: 184416}
  m_Enabled: 1
  m_Avatar: {fileID: 0}
  m_Controller: {fileID: 9100000, guid: c4c46ba4f32cd4e6784d981e78ba1baf, type: 2}
  m_CullingMode: 0
  m_UpdateMode: 0
  m_ApplyRootMotion: 0
  m_LinearVelocityBlending: 0
  m_WarningMessage: 
  m_HasTransformHierarchy: 1
  m_AllowConstantClipSamplingOptimization: 1
--- !u!114 &11445514
MonoBehaviour:
  m_ObjectHideFlags: 1
  m_PrefabParentObject: {fileID: 0}
  m_PrefabInternal: {fileID: 100100000}
  m_GameObject: {fileID: 184416}
  m_Enabled: 1
  m_EditorHideFlags: 0
  m_Script: {fileID: 11500000, guid: 850c50c5939f14f308fb947e4c6780dc, type: 3}
  m_Name: 
  m_EditorClassIdentifier: 
  speed: 0.5
  lookupAngle: 5
  lookupAngleOutOfMap: 90
  obstaclesLayerMask:
    serializedVersion: 2
    m_Bits: 512
  monsterAnimationController: {fileID: 9100000, guid: e2157c2953fae4b48a3054f7356dc300,
    type: 2}
  player1Tint: {r: 0.41724133, g: 1, b: 0.7588585, a: 1}
  player2Tint: {r: 0.9156187, g: 1, b: 0.61764705, a: 1}
  trackingSpeed: 0.25
  trackingRunSpeed: 1
  trackingPause: 1
  visionAngle: 90
  visionDistance: 2
  visionSprite: {fileID: 457074}
  preachDetectionDistance: 2
--- !u!212 &21229606
SpriteRenderer:
  m_ObjectHideFlags: 1
  m_PrefabParentObject: {fileID: 0}
  m_PrefabInternal: {fileID: 100100000}
  m_GameObject: {fileID: 166778}
  m_Enabled: 1
  m_CastShadows: 0
  m_ReceiveShadows: 0
  m_Materials:
  - {fileID: 10754, guid: 0000000000000000e000000000000000, type: 0}
  m_SubsetIndices: 
  m_StaticBatchRoot: {fileID: 0}
  m_UseLightProbes: 0
  m_ReflectionProbeUsage: 0
  m_ProbeAnchor: {fileID: 0}
  m_ScaleInLightmap: 1
  m_PreserveUVs: 0
  m_IgnoreNormalsForChartDetection: 0
  m_ImportantGI: 0
  m_MinimumChartSize: 4
  m_AutoUVMaxDistance: 0.5
  m_AutoUVMaxAngle: 89
  m_LightmapParameters: {fileID: 0}
  m_SortingLayerID: 0
  m_SortingOrder: 0
  m_Sprite: {fileID: 21300000, guid: f036a7e4e8f5c4e9da33e93753288850, type: 3}
  m_Color: {r: 0, g: 1, b: 0, a: 0.5019608}
  m_FlipX: 0
  m_FlipY: 0
--- !u!212 &21245696
SpriteRenderer:
  m_ObjectHideFlags: 1
  m_PrefabParentObject: {fileID: 0}
  m_PrefabInternal: {fileID: 100100000}
  m_GameObject: {fileID: 184416}
  m_Enabled: 1
  m_CastShadows: 0
  m_ReceiveShadows: 0
  m_Materials:
  - {fileID: 10754, guid: 0000000000000000e000000000000000, type: 0}
  m_SubsetIndices: 
  m_StaticBatchRoot: {fileID: 0}
  m_UseLightProbes: 0
  m_ReflectionProbeUsage: 0
  m_ProbeAnchor: {fileID: 0}
  m_ScaleInLightmap: 1
  m_PreserveUVs: 0
  m_IgnoreNormalsForChartDetection: 0
  m_ImportantGI: 0
  m_MinimumChartSize: 4
  m_AutoUVMaxDistance: 0.5
  m_AutoUVMaxAngle: 89
  m_LightmapParameters: {fileID: 0}
  m_SortingLayerID: -1001917579
  m_SortingOrder: 0
  m_Sprite: {fileID: 21300018, guid: 344938bc4de8a46fbacacb6ccfba00a0, type: 3}
  m_Color: {r: 1, g: 1, b: 1, a: 1}
  m_FlipX: 0
  m_FlipY: 0
--- !u!1001 &100100000
Prefab:
  m_ObjectHideFlags: 1
  serializedVersion: 2
  m_Modification:
    m_TransformParent: {fileID: 0}
    m_Modifications:
    - target: {fileID: 0}
      propertyPath: m_Layer
      value: 8
      objectReference: {fileID: 0}
    - target: {fileID: 0}
      propertyPath: m_IsKinematic
      value: 0
      objectReference: {fileID: 0}
    - target: {fileID: 0}
      propertyPath: m_SortingLayerID
      value: -1001917579
      objectReference: {fileID: 0}
    - target: {fileID: 0}
      propertyPath: m_Mass
      value: 0.0001
      objectReference: {fileID: 0}
    - target: {fileID: 0}
      propertyPath: m_UseAutoMass
      value: 1
      objectReference: {fileID: 0}
    - target: {fileID: 0}
      propertyPath: m_AngularDrag
      value: 0
      objectReference: {fileID: 0}
    - target: {fileID: 0}
      propertyPath: m_GravityScale
      value: 0
      objectReference: {fileID: 0}
    - target: {fileID: 0}
      propertyPath: obstaclesLayerMask.m_Bits
      value: 512
      objectReference: {fileID: 0}
    - target: {fileID: 0}
      propertyPath: m_Color.a
      value: 0.5019608
      objectReference: {fileID: 0}
    - target: {fileID: 0}
      propertyPath: visionSprite
      value: 
      objectReference: {fileID: 457074}
    - target: {fileID: 0}
      propertyPath: speed
      value: 0.5
      objectReference: {fileID: 0}
    - target: {fileID: 0}
      propertyPath: trackingSpeed
      value: 0.25
      objectReference: {fileID: 0}
    - target: {fileID: 0}
      propertyPath: m_Sprite
      value: 
      objectReference: {fileID: 21300018, guid: 344938bc4de8a46fbacacb6ccfba00a0,
        type: 3}
    - target: {fileID: 0}
      propertyPath: m_Controller
      value: 
      objectReference: {fileID: 9100000, guid: c4c46ba4f32cd4e6784d981e78ba1baf, type: 2}
    - target: {fileID: 0}
      propertyPath: monsterAnimationController
      value: 
      objectReference: {fileID: 9100000, guid: e2157c2953fae4b48a3054f7356dc300, type: 2}
    - target: {fileID: 0}
      propertyPath: m_Color.r
      value: 0
      objectReference: {fileID: 0}
    - target: {fileID: 0}
      propertyPath: m_Color.b
      value: 0
      objectReference: {fileID: 0}
    - target: {fileID: 0}
      propertyPath: player1Tint.r
      value: 0.41724133
      objectReference: {fileID: 0}
    - target: {fileID: 0}
      propertyPath: player1Tint.b
      value: 0.7588585
      objectReference: {fileID: 0}
    - target: {fileID: 0}
      propertyPath: player2Tint.r
      value: 0.9156187
      objectReference: {fileID: 0}
    - target: {fileID: 0}
      propertyPath: player2Tint.b
      value: 0.61764705
      objectReference: {fileID: 0}
    m_RemovedComponents: []
  m_ParentPrefab: {fileID: 0}
  m_RootGameObject: {fileID: 184416}
  m_IsPrefabParent: 1
